@misc{joos1999elements,
    title={Elements of Environmental Decoherence},
    author={Erich Joos},
    year={1999},
    eprint={quant-ph/9908008},
    archivePrefix={arXiv},
    primaryClass={quant-ph}
}
@article{Zurek_2009,
   title={Quantum Darwinism},
   volume={5},
   ISSN={1745-2481},
   url={http://dx.doi.org/10.1038/nphys1202},
   DOI={10.1038/nphys1202},
   number={3},
   journal={Nature Physics},
   publisher={Springer Science and Business Media LLC},
   author={Zurek, Wojciech Hubert},
   year={2009},
   month={Mar},
   pages={181?188}
}
@article{Kiefer,
   title={Decoherence: Concepts and examples},
   ISBN={9783540494829},
   url={http://dx.doi.org/10.1007/BFb0105342},
   DOI={10.1007/bfb0105342},
   journal={Lecture Notes in Physics},
   publisher={Springer Berlin Heidelberg},
   author={Kiefer, Claus and Joos, Erich},
   pages={105?128}
}

@article{Hackerm_ller_2004,
   title={Decoherence of matter waves by thermal emission of radiation},
   volume={427},
   ISSN={1476-4687},
   url={http://dx.doi.org/10.1038/nature02276},
   DOI={10.1038/nature02276},
   number={6976},
   journal={Nature},
   publisher={Springer Science and Business Media LLC},
   author={Hackermüller, Lucia and Hornberger, Klaus and Brezger, Björn and Zeilinger, Anton and Arndt, Markus},
   year={2004},
   month={Feb},
   pages={711?714}
}
@article{Hollowood_2015,
   title={Copenhagen quantum mechanics},
   volume={57},
   ISSN={1366-5812},
   url={http://dx.doi.org/10.1080/00107514.2015.1111978},
   DOI={10.1080/00107514.2015.1111978},
   number={3},
   journal={Contemporary Physics},
   publisher={Informa UK Limited},
   author={Hollowood, Timothy J.},
   year={2015},
   month={Nov},
   pages={289?308}
}

